@article{goodfellow2020generative,
  title={\href{https://arxiv.org/abs/1406.2661}{Generative adversarial networks}},
  author={Goodfellow, Ian and Pouget-Abadie, Jean and Mirza, Mehdi and Xu, Bing and Warde-Farley, David and Ozair, Sherjil and Courville, Aaron and Bengio, Yoshua},
  journal={Communications of the ACM},
  volume={63},
  number={11},
  pages={139--144},
  year={2020},
  publisher={ACM New York, NY, USA},
  note = {Accessed: 30/12/2020}
}

@misc{brock2019large,
      title={\href{https://arxiv.org/abs/1809.11096}{Large Scale GAN Training for High Fidelity Natural Image Synthesis}}, 
      author={Andrew Brock and Jeff Donahue and Karen Simonyan},
      year={2019},
      eprint={1809.11096},
      archivePrefix={arXiv},
      primaryClass={cs.LG},
      note = {Accessed: 30/12/2020}
}

@misc{artbreeder,
  author = {Joel Simon},
  title = {\href{https://artbreeder.com/}{Artbreeder}},
  year = 2019,
  url = {https://artbreeder.com/},
  note = {Accessed: 30/12/2020}
}

@misc{tinyimages,
  author = {Antonio Torralba, Rob Fergus, Bill Freeman.},
  title = {\href{https://groups.csail.mit.edu/vision/TinyImages/}{TinyImages Apology}},
  year = 2020,
  url = {https://groups.csail.mit.edu/vision/TinyImages/},
  note = {Accessed: 30/12/2020}
}

@misc{imagetoimagedemo,
  author = {Christopher Hesse},
  title = {\href{https://affinelayer.com/pixsrv/}{Image-to-Image Demo}},
  year = 2017,
  url = {https://affinelayer.com/pixsrv/},
  note = {Accessed: 30/12/2020}
}

@misc{karras2019stylebased,
      title={\href{https://arxiv.org/abs/1812.04948}{A Style-Based Generator Architecture for Generative Adversarial Networks}}, 
      author={Tero Karras and Samuli Laine and Timo Aila},
      year={2019},
      eprint={1812.04948},
      archivePrefix={arXiv},
      primaryClass={cs.NE},
      note = {Accessed: 30/12/2020}
}

@misc{isola2018imagetoimage,
      title={\href{https://arxiv.org/abs/1611.07004}{Image-to-Image Translation with Conditional Adversarial Networks}}, 
      author={Phillip Isola and Jun-Yan Zhu and Tinghui Zhou and Alexei A. Efros},
      year={2018},
      eprint={1611.07004},
      archivePrefix={arXiv},
      primaryClass={cs.CV},
      note = {Accessed: 30/12/2020}
}

@misc{mirza2014conditional,
      title={Conditional Generative Adversarial Nets}, 
      author={Mehdi Mirza and Simon Osindero},
      year={2014},
      eprint={1411.1784},
      archivePrefix={arXiv},
      primaryClass={cs.LG},
      note = {Accessed: 30/12/2020}
}

@InProceedings{cimpoi14describingtextures,
	      Author    = {M. Cimpoi and S. Maji and I. Kokkinos and S. Mohamed and and A. Vedaldi},
	      Title     = {Describing Textures in the Wild},
	      Booktitle = {Proceedings of the {IEEE} Conf. on Computer Vision and Pattern Recognition ({CVPR})},
	      Year      = {2014},
          note = {Accessed: 30/12/2020}
	      }
  
@misc{describingtexturesweb,
  author = {M. Cimpoi and S. Maji and I. Kokkinos and S. Mohamed and and A. Vedaldi},
  title = {\href{https://www.robots.ox.ac.uk/~vgg/data/dtd/}{Describing Textures in the Wild Website}},
  year = 2014,
  url = {https://www.robots.ox.ac.uk/~vgg/data/dtd/},
  note = {Accessed: 30/12/2020}
}

@article{materialperceptiondataset,
  author = {Lavanya Sharan and Ruth Rosenholtz  and EH Adelson},
  year = {2014},
  title = {\href{https://people.csail.mit.edu/celiu/CVPR2010/FMD/}{Material perception: What can you see in a brief glance?}},
  volume = {14},
  number = {9},
  article = {12},
  journal = {Journal of Vision - J VISION},
  doi = {10.1167/9.8.784},
  note = {Accessed: 30/12/2020}
}

@misc{volumetricshapesmodeldataset,
  author = {Z. Wu and S. Song and A. Khosla and F. Yu and L. Zhang and X. Tang and J. Xiao},
  year = {2014},
  title = {\href{http://3dvision.princeton.edu/projects/2014/3DShapeNets/paper.pdf}{3D ShapeNets: A Deep Representation for Volumetric Shapes}},
  note = {Accessed: 30/12/2020}
}
	
@misc{microsofttay,
  author = {Peter Lee},
  title = {\href{https://blogs.microsoft.com/blog/2016/03/25/learning-tays-introduction/}{Learning from Tay’s introduction}},
  year = 2016,
  url = {https://blogs.microsoft.com/blog/2016/03/25/learning-tays-introduction/},
  note = {Accessed: 30/12/2020}
}


@misc{qtopenglmodule,
    author = {Qt},
    title = {\href{https://doc.qt.io/qt-5/qtopengl-index.html}{Qt OpenGL}},
    year = 2020,
    url = {https://doc.qt.io/qt-5/qtopengl-index.html},
    note = {Accessed: 30/12/2020}
}


@misc{openglabout,
    author = {The Khronos™ Group Inc},
    title = {\href{https://www.opengl.org/about/}{OpenGL Overview}},
    year = 2020,
    url = {https://www.opengl.org/about/},
    note = {Accessed: 30/12/2020}
}

@misc{zhu2020unpairedcyclegan,
    title={\href{https://arxiv.org/abs/1703.10593}{Unpaired Image-to-Image Translation using Cycle-Consistent Adversarial Networks}}, 
    author={Jun-Yan Zhu and Taesung Park and Phillip Isola and Alexei A. Efros},
    year={2020},
    eprint={1703.10593},
    archivePrefix={arXiv},
    primaryClass={cs.CV},
    note = {Accessed: 30/12/2020}
}

@misc{liu2018unsupervisedimagetoimage,
    title={\href{https://arxiv.org/abs/1703.00848}{Unsupervised Image-to-Image Translation Networks}}, 
    author={Ming-Yu Liu and Thomas Breuel and Jan Kautz},
    year={2018},
    eprint={1703.00848},
    archivePrefix={arXiv},
    primaryClass={cs.CV},
    note = {Accessed: 30/12/2020}
}

@misc{bergmann2017learningtexturemanifold,
    title={\href{https://arxiv.org/abs/1705.06566}{Learning Texture Manifolds with the Periodic Spatial GAN}}, 
    author={Urs Bergmann and Nikolay Jetchev and Roland Vollgraf},
    year={2017},
    eprint={1705.06566},
    archivePrefix={arXiv},
    primaryClass={cs.CV},
    note = {Accessed: 30/12/2020}
}

@misc{arcleeds,
    author = {The University of Leeds},
    title = {\href{https://arc.leeds.ac.uk/platforms/}{Leeds Arc}},
    year = 2020,
    url = {https://arc.leeds.ac.uk/platforms/},
    note = {Accessed: 30/12/2020}
}

@misc{park2019semantic,
    title={\href{https://arxiv.org/abs/1903.07291}{Semantic Image Synthesis with Spatially-Adaptive Normalization}}, 
    author={Taesung Park and Ming-Yu Liu and Ting-Chun Wang and Jun-Yan Zhu},
    year={2019},
    eprint={1903.07291},
    archivePrefix={arXiv},
    primaryClass={cs.CV},
    note = {Accessed: 30/12/2020}
}

@misc{interactivetexturemapping,
author = {Maillot, Jérôme and Yahia, Hussein and Verroust, Anne},
year = {1993},
month = {08},
pages = {27-34},
title = {Interactive Texture Mapping},
journal = {ACM Computer Graphics (Proc. of SIGGRAPH '93)},
doi = {10.1145/166117.166120},
note = {Accessed: 30/12/2020}
}

@misc{pytorch,
    author = {PyTorch},
    title = {\href{https://pytorch.org/docs/stable/index.html}{Pytorch Documentation}},
    year = 2020,
    url = {https://pytorch.org/docs/stable/index.html},
    note = {Accessed: 30/12/2020}
}

@misc{numpy,
    author = {The SciPy community},
    title = {\href{https://numpy.org/doc/stable/}{NumPy Documentation}},
    year = 2020,
    url = {https://numpy.org/doc/stable/},
    note = {Accessed: 30/12/2020}
}
